@book{Graham, 
title = "Concrete mathematics a foundation for computer science", 
publisher = "Addison-Wesley", 
author = "Graham, Ronald Lewis and Knuth, Donald Ervin and Patashnik, Oren and Graham-Knuth-Patashnik",
year = "2017"
}